@book{citation,
  author = {The Author},
  title = {The Title},
  year = {2052},
}
